@article{2,
author = {Hoorens, Vera},
title = {Self-enhancement and Superiority Biases in Social Comparison},
journal = {European Review of Social Psychology},
volume = {4},
number = {1},
pages = {113-139},
year = {1993},
doi = {10.1080/14792779343000040},
URL = {http://www.tandfonline.com/doi/abs/10.1080/14792779343000040},
eprint = {http://www.tandfonline.com/doi/pdf/10.1080/14792779343000040}
}